Month,Sales
2020-01,150
2020-02,165
2020-03,168
2020-04,180
2020-05,195
2020-06,210
2020-07,225
2020-08,230
2020-09,215
2020-10,240
2020-11,260
2020-12,280
2021-01,290
2021-02,305
2021-03,320
2021-04,335
2021-05,350
2021-06,365
2021-07,380
2021-08,395
2021-09,370
2021-10,410
2021-11,430
2021-12,450
